<record><leader>00000cas a22000007a 4500</leader><controlfield tag="001">41424171</controlfield><controlfield tag="008">990525d18881893sducr ne      0    0eng d</controlfield><datafield ind1=" " ind2=" " tag="010"><subfield code="a">sn 99067969 </subfield></datafield><datafield ind1=" " ind2=" " tag="040"><subfield code="a">SXN</subfield><subfield code="b">eng</subfield><subfield code="c">SXN</subfield><subfield code="d">OCLCF</subfield><subfield code="d">OCLCO</subfield></datafield><datafield ind1="1" ind2=" " tag="029"><subfield code="a">AU@</subfield><subfield code="b">000020230433</subfield></datafield><datafield ind1=" " ind2=" " tag="042"><subfield code="a">msc</subfield></datafield><datafield ind1="0" ind2="0" tag="245"><subfield code="a">Semi-weekly Salem special.</subfield></datafield><datafield ind1="3" ind2=" " tag="246"><subfield code="a">Semi weekly Salem special</subfield></datafield><datafield ind1="1" ind2="0" tag="246"><subfield code="a">Salem semi-weekly special</subfield></datafield><datafield ind1="3" ind2=" " tag="246"><subfield code="a">Salem semi weekly special</subfield></datafield><datafield ind1="1" ind2=" " tag="246"><subfield code="i">Issues for Sept. 15-19, 1888 have title:</subfield><subfield code="a">Salem daily special</subfield></datafield><datafield ind1=" " ind2=" " tag="260"><subfield code="a">Salem, McCook County, S.D. :</subfield><subfield code="b">J.E. Patten,</subfield><subfield code="c">1888-1893.</subfield></datafield><datafield ind1=" " ind2=" " tag="300"><subfield code="a">v.</subfield></datafield><datafield ind1=" " ind2=" " tag="310"><subfield code="a">Semiweekly</subfield></datafield><datafield ind1="0" ind2=" " tag="362"><subfield code="a">Vol. 3, no. 5 (July 14, 1888)-v. 9, no. 52 (July 8, 1893).</subfield></datafield><datafield ind1=" " ind2=" " tag="500"><subfield code="a">"Semi-weekly" appears in small letters centered above "Salem special."</subfield></datafield><datafield ind1=" " ind2=" " tag="530"><subfield code="a">Available on microfilm from: State Archives, South Dakota State Historical Society.</subfield></datafield><datafield ind1=" " ind2="0" tag="651"><subfield code="a">Salem (S.D.)</subfield><subfield code="v">Newspapers.</subfield></datafield><datafield ind1=" " ind2="0" tag="651"><subfield code="a">McCook County (S.D.)</subfield><subfield code="v">Newspapers.</subfield></datafield><datafield ind1=" " ind2="7" tag="655"><subfield code="a">Newspapers.</subfield><subfield code="2">fast</subfield><subfield code="0">(OCoLC)fst01423814</subfield></datafield><datafield ind1=" " ind2="7" tag="651"><subfield code="a">South Dakota</subfield><subfield code="z">McCook County.</subfield><subfield code="2">fast</subfield><subfield code="0">(OCoLC)fst01209101</subfield></datafield><datafield ind1=" " ind2="7" tag="651"><subfield code="a">South Dakota</subfield><subfield code="z">Salem.</subfield><subfield code="2">fast</subfield><subfield code="0">(OCoLC)fst01887894</subfield></datafield><datafield ind1=" " ind2=" " tag="752"><subfield code="a">United States</subfield><subfield code="b">South Dakota</subfield><subfield code="c">McCook</subfield><subfield code="d">Salem.</subfield></datafield><datafield ind1="0" ind2="0" tag="780"><subfield code="t">Salem special (Salem, S.D. : 1887)</subfield><subfield code="w">(DLC)sn 99067965</subfield></datafield><datafield ind1="0" ind2="0" tag="785"><subfield code="t">Salem special</subfield><subfield code="w">(DLC)sn 86071476</subfield></datafield></record>